%YAML 1.1
%TAG !u! tag:unity3d.com,2011:
--- !u!1 &835108972489662545
GameObject:
  m_ObjectHideFlags: 0
  m_CorrespondingSourceObject: {fileID: 0}
  m_PrefabInstance: {fileID: 0}
  m_PrefabAsset: {fileID: 0}
  serializedVersion: 6
  m_Component:
  - component: {fileID: 835108972489662546}
  m_Layer: 6
  m_Name: Target
  m_TagString: Island
  m_Icon: {fileID: 0}
  m_NavMeshLayer: 0
  m_StaticEditorFlags: 0
  m_IsActive: 1
--- !u!4 &835108972489662546
Transform:
  m_ObjectHideFlags: 0
  m_CorrespondingSourceObject: {fileID: 0}
  m_PrefabInstance: {fileID: 0}
  m_PrefabAsset: {fileID: 0}
  m_GameObject: {fileID: 835108972489662545}
  m_LocalRotation: {x: 0, y: 0, z: 0, w: 1}
  m_LocalPosition: {x: 0, y: -0.4, z: 0}
  m_LocalScale: {x: 3.5, y: 1, z: 3.5}
  m_Children:
  - {fileID: 835108973912962687}
  - {fileID: 835108972264890301}
  - {fileID: 835108973536154366}
  - {fileID: 835108972402147326}
  - {fileID: 5040567699847364980}
  m_Father: {fileID: 0}
  m_RootOrder: 0
  m_LocalEulerAnglesHint: {x: 0, y: 0, z: 0}
--- !u!1001 &3656834664742350643
PrefabInstance:
  m_ObjectHideFlags: 0
  serializedVersion: 2
  m_Modification:
    m_TransformParent: {fileID: 835108972489662546}
    m_Modifications:
    - target: {fileID: 4118903526201124160, guid: 9aabb4a21c8752d459853ba8e98857fb, type: 3}
      propertyPath: m_RootOrder
      value: 4
      objectReference: {fileID: 0}
    - target: {fileID: 4118903526201124160, guid: 9aabb4a21c8752d459853ba8e98857fb, type: 3}
      propertyPath: m_LocalPosition.x
      value: 0
      objectReference: {fileID: 0}
    - target: {fileID: 4118903526201124160, guid: 9aabb4a21c8752d459853ba8e98857fb, type: 3}
      propertyPath: m_LocalPosition.y
      value: 0.1
      objectReference: {fileID: 0}
    - target: {fileID: 4118903526201124160, guid: 9aabb4a21c8752d459853ba8e98857fb, type: 3}
      propertyPath: m_LocalPosition.z
      value: 0
      objectReference: {fileID: 0}
    - target: {fileID: 4118903526201124160, guid: 9aabb4a21c8752d459853ba8e98857fb, type: 3}
      propertyPath: m_LocalRotation.w
      value: 0.99792624
      objectReference: {fileID: 0}
    - target: {fileID: 4118903526201124160, guid: 9aabb4a21c8752d459853ba8e98857fb, type: 3}
      propertyPath: m_LocalRotation.x
      value: -0
      objectReference: {fileID: 0}
    - target: {fileID: 4118903526201124160, guid: 9aabb4a21c8752d459853ba8e98857fb, type: 3}
      propertyPath: m_LocalRotation.y
      value: -0
      objectReference: {fileID: 0}
    - target: {fileID: 4118903526201124160, guid: 9aabb4a21c8752d459853ba8e98857fb, type: 3}
      propertyPath: m_LocalRotation.z
      value: 0.06436788
      objectReference: {fileID: 0}
    - target: {fileID: 4118903526201124160, guid: 9aabb4a21c8752d459853ba8e98857fb, type: 3}
      propertyPath: m_LocalEulerAnglesHint.x
      value: 0
      objectReference: {fileID: 0}
    - target: {fileID: 4118903526201124160, guid: 9aabb4a21c8752d459853ba8e98857fb, type: 3}
      propertyPath: m_LocalEulerAnglesHint.y
      value: 0
      objectReference: {fileID: 0}
    - target: {fileID: 4118903526201124160, guid: 9aabb4a21c8752d459853ba8e98857fb, type: 3}
      propertyPath: m_LocalEulerAnglesHint.z
      value: 0
      objectReference: {fileID: 0}
    - target: {fileID: 4118903526201124161, guid: 9aabb4a21c8752d459853ba8e98857fb, type: 3}
      propertyPath: m_Name
      value: 5
      objectReference: {fileID: 0}
    - target: {fileID: 8596279174966586951, guid: 9aabb4a21c8752d459853ba8e98857fb, type: 3}
      propertyPath: m_RootOrder
      value: 4
      objectReference: {fileID: 0}
    - target: {fileID: 8596279174966586951, guid: 9aabb4a21c8752d459853ba8e98857fb, type: 3}
      propertyPath: m_LocalScale.x
      value: 1
      objectReference: {fileID: 0}
    - target: {fileID: 8596279174966586951, guid: 9aabb4a21c8752d459853ba8e98857fb, type: 3}
      propertyPath: m_LocalScale.y
      value: 0.01
      objectReference: {fileID: 0}
    - target: {fileID: 8596279174966586951, guid: 9aabb4a21c8752d459853ba8e98857fb, type: 3}
      propertyPath: m_LocalScale.z
      value: 1
      objectReference: {fileID: 0}
    - target: {fileID: 8596279174966586951, guid: 9aabb4a21c8752d459853ba8e98857fb, type: 3}
      propertyPath: m_LocalPosition.y
      value: 0.1
      objectReference: {fileID: 0}
    m_RemovedComponents: []
  m_SourcePrefab: {fileID: 100100000, guid: 9aabb4a21c8752d459853ba8e98857fb, type: 3}
--- !u!4 &5040567699847364980 stripped
Transform:
  m_CorrespondingSourceObject: {fileID: 8596279174966586951, guid: 9aabb4a21c8752d459853ba8e98857fb, type: 3}
  m_PrefabInstance: {fileID: 3656834664742350643}
  m_PrefabAsset: {fileID: 0}
--- !u!1001 &4375451288675420050
PrefabInstance:
  m_ObjectHideFlags: 0
  serializedVersion: 2
  m_Modification:
    m_TransformParent: {fileID: 835108972489662546}
    m_Modifications:
    - target: {fileID: 3976219888818263404, guid: 41ce8645db58c344e9ded02d20d6af98, type: 3}
      propertyPath: m_RootOrder
      value: 2
      objectReference: {fileID: 0}
    - target: {fileID: 3976219888818263404, guid: 41ce8645db58c344e9ded02d20d6af98, type: 3}
      propertyPath: m_LocalPosition.x
      value: 0
      objectReference: {fileID: 0}
    - target: {fileID: 3976219888818263404, guid: 41ce8645db58c344e9ded02d20d6af98, type: 3}
      propertyPath: m_LocalPosition.y
      value: 0.13
      objectReference: {fileID: 0}
    - target: {fileID: 3976219888818263404, guid: 41ce8645db58c344e9ded02d20d6af98, type: 3}
      propertyPath: m_LocalPosition.z
      value: 0
      objectReference: {fileID: 0}
    - target: {fileID: 3976219888818263404, guid: 41ce8645db58c344e9ded02d20d6af98, type: 3}
      propertyPath: m_LocalRotation.w
      value: 1
      objectReference: {fileID: 0}
    - target: {fileID: 3976219888818263404, guid: 41ce8645db58c344e9ded02d20d6af98, type: 3}
      propertyPath: m_LocalRotation.x
      value: 0
      objectReference: {fileID: 0}
    - target: {fileID: 3976219888818263404, guid: 41ce8645db58c344e9ded02d20d6af98, type: 3}
      propertyPath: m_LocalRotation.y
      value: 0
      objectReference: {fileID: 0}
    - target: {fileID: 3976219888818263404, guid: 41ce8645db58c344e9ded02d20d6af98, type: 3}
      propertyPath: m_LocalRotation.z
      value: 0
      objectReference: {fileID: 0}
    - target: {fileID: 3976219888818263404, guid: 41ce8645db58c344e9ded02d20d6af98, type: 3}
      propertyPath: m_LocalEulerAnglesHint.x
      value: 0
      objectReference: {fileID: 0}
    - target: {fileID: 3976219888818263404, guid: 41ce8645db58c344e9ded02d20d6af98, type: 3}
      propertyPath: m_LocalEulerAnglesHint.y
      value: 0
      objectReference: {fileID: 0}
    - target: {fileID: 3976219888818263404, guid: 41ce8645db58c344e9ded02d20d6af98, type: 3}
      propertyPath: m_LocalEulerAnglesHint.z
      value: 0
      objectReference: {fileID: 0}
    - target: {fileID: 3976219888818263407, guid: 41ce8645db58c344e9ded02d20d6af98, type: 3}
      propertyPath: m_Name
      value: 200
      objectReference: {fileID: 0}
    m_RemovedComponents: []
  m_SourcePrefab: {fileID: 100100000, guid: 41ce8645db58c344e9ded02d20d6af98, type: 3}
--- !u!4 &835108973536154366 stripped
Transform:
  m_CorrespondingSourceObject: {fileID: 3976219888818263404, guid: 41ce8645db58c344e9ded02d20d6af98, type: 3}
  m_PrefabInstance: {fileID: 4375451288675420050}
  m_PrefabAsset: {fileID: 0}
--- !u!1001 &5019698346381056150
PrefabInstance:
  m_ObjectHideFlags: 0
  serializedVersion: 2
  m_Modification:
    m_TransformParent: {fileID: 835108972489662546}
    m_Modifications:
    - target: {fileID: 5638341959185459048, guid: b4fda25e80624e54eb35540cd057ff8f, type: 3}
      propertyPath: m_RootOrder
      value: 3
      objectReference: {fileID: 0}
    - target: {fileID: 5638341959185459048, guid: b4fda25e80624e54eb35540cd057ff8f, type: 3}
      propertyPath: m_LocalPosition.x
      value: 0
      objectReference: {fileID: 0}
    - target: {fileID: 5638341959185459048, guid: b4fda25e80624e54eb35540cd057ff8f, type: 3}
      propertyPath: m_LocalPosition.y
      value: 0.12
      objectReference: {fileID: 0}
    - target: {fileID: 5638341959185459048, guid: b4fda25e80624e54eb35540cd057ff8f, type: 3}
      propertyPath: m_LocalPosition.z
      value: 0
      objectReference: {fileID: 0}
    - target: {fileID: 5638341959185459048, guid: b4fda25e80624e54eb35540cd057ff8f, type: 3}
      propertyPath: m_LocalRotation.w
      value: 1
      objectReference: {fileID: 0}
    - target: {fileID: 5638341959185459048, guid: b4fda25e80624e54eb35540cd057ff8f, type: 3}
      propertyPath: m_LocalRotation.x
      value: 0
      objectReference: {fileID: 0}
    - target: {fileID: 5638341959185459048, guid: b4fda25e80624e54eb35540cd057ff8f, type: 3}
      propertyPath: m_LocalRotation.y
      value: 0
      objectReference: {fileID: 0}
    - target: {fileID: 5638341959185459048, guid: b4fda25e80624e54eb35540cd057ff8f, type: 3}
      propertyPath: m_LocalRotation.z
      value: 0
      objectReference: {fileID: 0}
    - target: {fileID: 5638341959185459048, guid: b4fda25e80624e54eb35540cd057ff8f, type: 3}
      propertyPath: m_LocalEulerAnglesHint.x
      value: 0
      objectReference: {fileID: 0}
    - target: {fileID: 5638341959185459048, guid: b4fda25e80624e54eb35540cd057ff8f, type: 3}
      propertyPath: m_LocalEulerAnglesHint.y
      value: 0
      objectReference: {fileID: 0}
    - target: {fileID: 5638341959185459048, guid: b4fda25e80624e54eb35540cd057ff8f, type: 3}
      propertyPath: m_LocalEulerAnglesHint.z
      value: 0
      objectReference: {fileID: 0}
    - target: {fileID: 5638341959185459051, guid: b4fda25e80624e54eb35540cd057ff8f, type: 3}
      propertyPath: m_Name
      value: 100
      objectReference: {fileID: 0}
    m_RemovedComponents: []
  m_SourcePrefab: {fileID: 100100000, guid: b4fda25e80624e54eb35540cd057ff8f, type: 3}
--- !u!4 &835108972402147326 stripped
Transform:
  m_CorrespondingSourceObject: {fileID: 5638341959185459048, guid: b4fda25e80624e54eb35540cd057ff8f, type: 3}
  m_PrefabInstance: {fileID: 5019698346381056150}
  m_PrefabAsset: {fileID: 0}
--- !u!1001 &8373986152267137487
PrefabInstance:
  m_ObjectHideFlags: 0
  serializedVersion: 2
  m_Modification:
    m_TransformParent: {fileID: 835108972489662546}
    m_Modifications:
    - target: {fileID: 9196499037128161200, guid: 989d623f3522acd42a1193078844a3c0, type: 3}
      propertyPath: m_RootOrder
      value: 0
      objectReference: {fileID: 0}
    - target: {fileID: 9196499037128161200, guid: 989d623f3522acd42a1193078844a3c0, type: 3}
      propertyPath: m_LocalPosition.x
      value: 0
      objectReference: {fileID: 0}
    - target: {fileID: 9196499037128161200, guid: 989d623f3522acd42a1193078844a3c0, type: 3}
      propertyPath: m_LocalPosition.y
      value: 0.15
      objectReference: {fileID: 0}
    - target: {fileID: 9196499037128161200, guid: 989d623f3522acd42a1193078844a3c0, type: 3}
      propertyPath: m_LocalPosition.z
      value: 0
      objectReference: {fileID: 0}
    - target: {fileID: 9196499037128161200, guid: 989d623f3522acd42a1193078844a3c0, type: 3}
      propertyPath: m_LocalRotation.w
      value: 1
      objectReference: {fileID: 0}
    - target: {fileID: 9196499037128161200, guid: 989d623f3522acd42a1193078844a3c0, type: 3}
      propertyPath: m_LocalRotation.x
      value: 0
      objectReference: {fileID: 0}
    - target: {fileID: 9196499037128161200, guid: 989d623f3522acd42a1193078844a3c0, type: 3}
      propertyPath: m_LocalRotation.y
      value: 0
      objectReference: {fileID: 0}
    - target: {fileID: 9196499037128161200, guid: 989d623f3522acd42a1193078844a3c0, type: 3}
      propertyPath: m_LocalRotation.z
      value: 0
      objectReference: {fileID: 0}
    - target: {fileID: 9196499037128161200, guid: 989d623f3522acd42a1193078844a3c0, type: 3}
      propertyPath: m_LocalEulerAnglesHint.x
      value: 0
      objectReference: {fileID: 0}
    - target: {fileID: 9196499037128161200, guid: 989d623f3522acd42a1193078844a3c0, type: 3}
      propertyPath: m_LocalEulerAnglesHint.y
      value: 0
      objectReference: {fileID: 0}
    - target: {fileID: 9196499037128161200, guid: 989d623f3522acd42a1193078844a3c0, type: 3}
      propertyPath: m_LocalEulerAnglesHint.z
      value: 0
      objectReference: {fileID: 0}
    - target: {fileID: 9196499037128161201, guid: 989d623f3522acd42a1193078844a3c0, type: 3}
      propertyPath: m_Name
      value: 1000
      objectReference: {fileID: 0}
    m_RemovedComponents: []
  m_SourcePrefab: {fileID: 100100000, guid: 989d623f3522acd42a1193078844a3c0, type: 3}
--- !u!4 &835108973912962687 stripped
Transform:
  m_CorrespondingSourceObject: {fileID: 9196499037128161200, guid: 989d623f3522acd42a1193078844a3c0, type: 3}
  m_PrefabInstance: {fileID: 8373986152267137487}
  m_PrefabAsset: {fileID: 0}
--- !u!1001 &8638047626289249296
PrefabInstance:
  m_ObjectHideFlags: 0
  serializedVersion: 2
  m_Modification:
    m_TransformParent: {fileID: 835108972489662546}
    m_Modifications:
    - target: {fileID: 8968467459606012844, guid: 3926526195af16c4a90ce01d0519f26e, type: 3}
      propertyPath: m_Name
      value: 500
      objectReference: {fileID: 0}
    - target: {fileID: 8968467459606012845, guid: 3926526195af16c4a90ce01d0519f26e, type: 3}
      propertyPath: m_RootOrder
      value: 1
      objectReference: {fileID: 0}
    - target: {fileID: 8968467459606012845, guid: 3926526195af16c4a90ce01d0519f26e, type: 3}
      propertyPath: m_LocalPosition.x
      value: 0
      objectReference: {fileID: 0}
    - target: {fileID: 8968467459606012845, guid: 3926526195af16c4a90ce01d0519f26e, type: 3}
      propertyPath: m_LocalPosition.y
      value: 0.14
      objectReference: {fileID: 0}
    - target: {fileID: 8968467459606012845, guid: 3926526195af16c4a90ce01d0519f26e, type: 3}
      propertyPath: m_LocalPosition.z
      value: 0
      objectReference: {fileID: 0}
    - target: {fileID: 8968467459606012845, guid: 3926526195af16c4a90ce01d0519f26e, type: 3}
      propertyPath: m_LocalRotation.w
      value: 1
      objectReference: {fileID: 0}
    - target: {fileID: 8968467459606012845, guid: 3926526195af16c4a90ce01d0519f26e, type: 3}
      propertyPath: m_LocalRotation.x
      value: 0
      objectReference: {fileID: 0}
    - target: {fileID: 8968467459606012845, guid: 3926526195af16c4a90ce01d0519f26e, type: 3}
      propertyPath: m_LocalRotation.y
      value: 0
      objectReference: {fileID: 0}
    - target: {fileID: 8968467459606012845, guid: 3926526195af16c4a90ce01d0519f26e, type: 3}
      propertyPath: m_LocalRotation.z
      value: 0
      objectReference: {fileID: 0}
    - target: {fileID: 8968467459606012845, guid: 3926526195af16c4a90ce01d0519f26e, type: 3}
      propertyPath: m_LocalEulerAnglesHint.x
      value: 0
      objectReference: {fileID: 0}
    - target: {fileID: 8968467459606012845, guid: 3926526195af16c4a90ce01d0519f26e, type: 3}
      propertyPath: m_LocalEulerAnglesHint.y
      value: 0
      objectReference: {fileID: 0}
    - target: {fileID: 8968467459606012845, guid: 3926526195af16c4a90ce01d0519f26e, type: 3}
      propertyPath: m_LocalEulerAnglesHint.z
      value: 0
      objectReference: {fileID: 0}
    m_RemovedComponents: []
  m_SourcePrefab: {fileID: 100100000, guid: 3926526195af16c4a90ce01d0519f26e, type: 3}
--- !u!4 &835108972264890301 stripped
Transform:
  m_CorrespondingSourceObject: {fileID: 8968467459606012845, guid: 3926526195af16c4a90ce01d0519f26e, type: 3}
  m_PrefabInstance: {fileID: 8638047626289249296}
  m_PrefabAsset: {fileID: 0}
